% Encoding: UTF-8

@Manual{learnlatex,
  title  = {Learn \LaTeX{}},
  author = {{The \url{learnlatex.org} project}},
  url    = {https://www.learnlatex.org/},
}

@Comment{jabref-meta: databaseType:bibtex;}
