@phdthesis{devoftech,
  title={新时期我国信息技术产业的发展},
  author={江泽民},
  year={2008}
}